@book{Hunt00,
 author = {Hunt, Andrew and Thomas, David},
 title = {The pragmatic programmer: from journeyman to master},
 year = {1999},
 isbn = {0-201-61622-X},
 publisher = {Addison-Wesley Longman Publishing Co., Inc.},
 address = {Boston, MA, USA}
}

@book{Martin08,
 author = {Martin, Robert C.},
 title = {Clean Code: A Handbook of Agile Software Craftsmanship},
 year = {2008},
 isbn = {0132350882, 9780132350884},
 edition = {1},
 publisher = {Prentice Hall PTR},
 address = {Upper Saddle River, NJ, USA},
} 

@book{Beck06,
 author = {Beck, Kent},
 title = {Implementation Patterns},
 year = {2006},
 isbn = {0321413091},
 publisher = {Addison-Wesley Professional},
} 

@book{Martin03,
 author = {Martin, Robert Cecil},
 title = {Agile Software Development: Principles, Patterns, and Practices},
 year = {2003},
 isbn = {0135974445},
 publisher = {Prentice Hall PTR},
 address = {Upper Saddle River, NJ, USA},
}

@book{Evans03,
 author = {Evans, Eric},
 title = {Domain-Driven Design: Tacking Complexity In the Heart of Software},
 year = {2003},
 isbn = {0321125215},
 publisher = {Addison-Wesley Longman Publishing Co., Inc.},
 address = {Boston, MA, USA},
}

@book{Raymond03,
 author = {Raymond, Eric S.},
 title = {The Art of UNIX Programming},
 year = {2003},
 isbn = {0131429019},
 publisher = {Pearson Education},
}

@book{Kernighan99,
 author = {Kernighan, Brian W. and Pike, Rob},
 title = {The practice of programming},
 year = {1999},
 isbn = {0-201-61586-X},
 publisher = {Addison-Wesley Longman Publishing Co., Inc.},
 address = {Boston, MA, USA},
}

@book{Freeman04,
 author = {Freeman, Elisabeth and Freeman, Eric and Bates, Bert and Sierra, Kathy},
 title = {Head First Design Patterns},
 year = {2004},
 isbn = {0596007124},
 publisher = {O' Reilly \& Associates, Inc.},
} 

@Book{Smart08,
  author = 	 {Smart, John Ferguson},
  title = 	 {Java Power Tools},
  publisher = 	 {O' Reilly \& Associates, Inc.},
  year = 	 {2008},
  
}

@book{Ford08,
  author = {Ford, Neal},
  publisher = {O'Reilly Media},
  title = {The Productive Programmer},
  year = {2008},
  month = {July}
}

@book{Bloch08,
 author = {Bloch, Joshua},
 title = {Effective Java (2nd Edition) (The Java Series)},
 year = {2008},
 isbn = {0321356683, 9780321356680},
 edition = {2},
 publisher = {Prentice Hall PTR},
 address = {Upper Saddle River, NJ, USA},
}

@book{Wirfs-Brock02,
 author = {Wirfs-Brock, Rebecca and McKean, Alan},
 title = {Object Design: Roles, Responsibilities, and Collaborations},
 year = {2002},
 isbn = {0201379430},
 publisher = {Pearson Education},
}

@book{Abelson85,
  author    = {Harold Abelson and
               Gerald J. Sussman},
  title     = {Structure and Interpretation of Computer Programs},
  publisher = {MIT Press},
  year      = {1985},
  isbn      = {0-262-51036-7}
}

@OTHER{Cobertura,
  title = {Cobertura Home Page},
  url = {http://cobertura.sourceforge.net/}
}

@OTHER{EMMA,
  title = {EMMA Home Page},
  url = {http://sourceforge.net/projects/emma/}
}



@article{Yourdon95, 
title={When Good Enough Software Is Best}, 
volume={12}, 
number={3}, 
journal={IEEE Software}, 
author={Yourdon, E}, 
year={1995}, 
pages={79--81}
}


@MISC{Cunningham92,
  author = {Cunningham, Ward},
  title = {OOPSLA 92 Experience Report},
  month = March,
  year = {1992},
  howpublished={\url{http://c2.com/doc/oopsla92.html}}
}

@MISC{AgilePrinciples,
 author = {Kent Beck et Al.},
 title = {Agile Principles},
 year = {2001},
 howpublished = {\url{http://agilemanifesto.org/principles.html}}
}

@book{Freeman09,
    author = {Freeman, Steve and Pryce, Nat},
    day = {22},
    edition = {1},
    howpublished = {Paperback},
    isbn = {0321503627},
    month = {oct},
    publisher = {Addison-Wesley Professional},
    title = {{Growing Object-Oriented Software, Guided by Tests}},
    year = {2009}
}

@book{Buschmann96,
  address = {Chichester, UK},
  author = {Frank Buschmann and Regine Meunier and Hans Rohnert and Peter Sommerlad and Michael Stal},
  publisher = {Wiley},
  title = {Pattern-Oriented Software Architecture, Volume 1: A System of Patterns},
  year = {1996},
  isbn = {978-0-471-95869-7}
}

@book{Fowler02,
 author = {Fowler, Martin},
 title = {Patterns of Enterprise Application Architecture},
 year = {2002},
 isbn = {0321127420},
 publisher = {Addison-Wesley Longman Publishing Co., Inc.},
 address = {Boston, MA, USA},
}

@ARTICLE{Gabriel94,
    author = {Richard P. Gabriel},
    title = {Lisp: Good News Bad News How to Win Big},
    journal = {AI Expert},
    year = {1994},
    volume = {6},
    pages = {31--39}
}

@article{Reeves92,
author = {Jack Reeves},
title = {What Is Software Design?},
journal = {C++ Journal},
year = {1992},
month = {May}
}

@MISC{Reeves05,
 author = {Jack Reeves},
 title = {Code is the Design},
 year = {2005},
 howpublished = {\url{http://www.developerdotstar.com/mag/articles/reeves_design_main.html}}
}

@book{Gamma95,
    author = {Gamma, Erich and Helm, Richard and Johnson, Ralph and Vlissides, John},
    publisher = {Addison-Wesley Professional},
    title = {{Design patterns: elements of reusable object-oriented software}},
    year = {1995}
}

@book{Goetz05,
 author = {Peierls, Tim and Goetz, Brian and Bloch, Joshua and Bowbeer, Joseph and Lea, Doug and Holmes, David},
 title = {Java Concurrency in Practice},
 year = {2005},
 isbn = {0321349601},
 publisher = {Addison-Wesley Professional}
}

@book{Herlihy08,
    author = {Herlihy, Maurice and Shavit, Nir},
     day = {14},
    howpublished = {Paperback},
    isbn = {0123705916},
    month = mar,
     publisher = {Morgan Kaufmann},
    title = {{The Art of Multiprocessor Programming}},
     year = {2008}
}

@book{Lea99,
 author = {Lea, Doug},
 title = {Concurrent Programming in Java. Second Edition: Design Principles and Patterns},
 year = {1999},
 isbn = {0201310090},
 edition = {2nd},
 publisher = {Addison-Wesley Longman Publishing Co., Inc.},
 address = {Boston, MA, USA}
}

@book{Coulouris05,
 author = {Coulouris, and Dollimore, Jean and Kindberg, Tim},
 title = {Distributed Systems: Concepts and Design (4th Edition) (International Computer Science)},
 year = {2005},
 isbn = {0321263545},
 publisher = {Addison-Wesley Longman Publishing Co., Inc.},
 address = {Boston, MA, USA}
}

@book{Lutz10,
 author = {Lutz, Mark},
 title = {Programming Python},
 year = {2010},
 isbn = {0596158106, 9780596158101},
 publisher = {O'Reilly Media, Inc.}
}

@article{Ousterhout98,
 author = {Ousterhout, John K.},
 title = {Scripting: Higher-Level Programming for the 21st Century},
 journal = {Computer},
 volume = {31},
 issue = {3},
 month = {March},
 year = {1998},
 issn = {0018-9162},
 pages = {23--30},
 numpages = {8},
 publisher = {IEEE Computer Society Press},
 address = {Los Alamitos, CA, USA},
}

@book{Naftalin06,
  address = {Beijing},
  author = {Maurice Naftalin and Philip Wadler},
  publisher = {O'Reilly},
  title = {Java Generics and Collections},
  year = 2006,
  isbn = {978-0-596-52775-4} 
}

@MISC{GoogleGuava,
 title = {Google Guava Library},
 howpublished = {\url{http://code.google.com/p/guava-libraries/}}
}

@MISC{CommonsLang,
 title = {Apache Commons Lang Library},
 howpublished = {\url{http://commons.apache.org/lang/}}
}

@MISC{CommonsIO,
 title = {Apache Commons Lang Library},
 howpublished = {\url{http://commons.apache.org/io/}}
}

@MISC{Loogle,
    title = {Loogle Home Page},
    howpublished = {\url{https://home.unite.broadsoft.com/pages/viewpage.action?title=Loggle&spaceKey=BWENGKB}}
}

@MISC{Jedit,
    title = {Jedit Home Page},
    howpublished = {\url{http://jedit.org/}}
}
 
@MISC{Batik,
    title = {Batik Home Page},
    howpublished = {\url{https://xmlgraphics.apache.org/batik/}}
}

@MISC{Beanshell,
    title = {Beanshell Home Page},
    howpublished = {\url{http://www.beanshell.org/}}
}

@MISC{XsLogFolder,
    title = {XsLogFolder SVN Location},
    howpublished = {\url{svn://beach/mtlrepos/working/ttaillefer/side/projects/jedit/plugins/XsLogFolder}}
}

@MISC{BatikDockable,
    title = {BatikDockable SVN Location},
    howpublished = {\url{svn://beach/mtlrepos/working/ttaillefer/side/projects/jedit/plugins/BatikDockable}}
}

@MISC{XsLogToPlant,
    title = {XsLogToPlant SVN Location},
    howpublished = {\url{svn://beach/mtlrepos/working/ttaillefer/side/projects/xslog/XsLogToPlant}}
}

@MISC{XsEventsToPlant,
    title = {XsEventsToPlant SVN Location},
    howpublished = {\url{svn://beach/mtlrepos/working/ttaillefer/side/projects/xslog/XsEventsToPlant}}
}

@MISC{Plantuml,
    title = {Plantuml Home Page},
    howpublished = {\url{http://plantuml.com/}}
}

@MISC{Graphviz,
    title = {Graphviz Home Page},
    howpublished = {\url{http://www.graphviz.org/}}
}

@MISC{Tikz,
    title = {Tikz Example Page},
    howpublished = {\url{http://www.texample.net/tikz/examples/}}
}
